@article{Ram2018,
 author = {Ram, Yoav and Liberman, Uri and Feldman, Marcus W.},
 doi = {10.1073/pnas.1719171115},
 journal = {Proceedings of the National Academy of Sciences},
 link = {https://www.biorxiv.org/content/early/2017/12/04/229179 http://www.pnas.org/lookup/doi/10.1073/pnas.1719171115},
 pages = {201719171},
 title = {Evolution of vertical and oblique transmission under fluctuating selection},
 year = {2018}
}

