%% This BibTeX bibliography file was created using BibDesk.
%% http://bibdesk.sourceforge.net/


%% Created for Lawrence Bond at 2018-07-09 10:41:57 -0700 


%% Saved with string encoding Unicode (UTF-8) 



@article{Karlin1974,
	Author = {Karlin, Samuel and Liberman, Uri},
	Date-Added = {2018-07-09 17:07:51 +0000},
	Date-Modified = {2018-07-09 17:40:35 +0000},
	Journal = {Theoretical Population Biology},
	Number = {3},
	Pages = {355-382},
	Title = {Random temporal variation in selection intensities: case of large population size},
	Volume = {6},
	Year = {1974}}

@article{Aoki2005,
	Author = {Aoki, Kenichi and Wakano, Joe Yuichiro and Feldman, Marcus W.},
	Journal = {Current Anthropology},
	Number = {2},
	Pages = {334--340},
	Title = {The emergence of social learning in a temporally changing environment: a theoretical model},
	Volume = {46},
	Year = {2005}}

@article{Aoki2012,
	Author = {Aoki, Kenichi and Yuichiro, Joe and Lehmann, Laurent},
	Doi = {10.1016/j.tpb.2012.01.006},
	Issn = {0040-5809},
	Journal = {Theoretical Population Biology},
	Link = {http://dx.doi.org/10.1016/j.tpb.2012.01.006},
	Number = {4},
	Pages = {300--309},
	Publisher = {Elsevier Inc.},
	Title = {Evolutionarily stable learning schedules and cumulative culture in discrete generation models},
	Volume = {81},
	Year = {2012},
	Bdsk-Url-1 = {https://doi.org/10.1016/j.tpb.2012.01.006}}

@article{Aoki2014,
	Author = {Aoki, Kenichi and Feldman, Marcus W.},
	Doi = {10.1016/j.tpb.2013.10.004},
	Issn = {0040-5809},
	Journal = {Theoretical Population Biology},
	Link = {http://dx.doi.org/10.1016/j.tpb.2013.10.004},
	Pages = {3--19},
	Publisher = {Elsevier Inc.},
	Title = {Evolution of learning strategies in temporally and spatially variable environments : A review of theory},
	Volume = {91},
	Year = {2014},
	Bdsk-Url-1 = {https://doi.org/10.1016/j.tpb.2013.10.004}}

@article{Aplin2015,
	Author = {Aplin, Lucy M. and Farine, Damien R. and Morand-Ferron, Julie and Cockburn, Andrew and Thornton, Alex and Sheldon, Ben C.},
	Doi = {10.1038/nature13998},
	Isbn = {1476-4687 (Electronic)$\backslash$r0028-0836 (Linking)},
	Issn = {14764687},
	Journal = {Nature},
	Link = {http://dx.doi.org/10.1038/nature13998},
	Number = {7540},
	Pages = {538--541},
	Pmid = {25470065},
	Publisher = {Nature Publishing Group},
	Title = {Experimentally induced innovations lead to persistent culture via conformity in wild birds},
	Volume = {518},
	Year = {2015},
	Bdsk-Url-1 = {https://doi.org/10.1038/nature13998}}

@article{Aureli1997a,
	Author = {Aureli, Filippo and {De Waal}, Frans B.M.},
	Doi = {10.1002/(SICI)1098-2345(1997)41:3<213::AID-AJP4>3.0.CO;2-#},
	Isbn = {02752565},
	Issn = {02752565},
	Journal = {American Journal of Primatology},
	Number = {3},
	Pages = {213--228},
	Pmid = {9057966},
	Title = {Inhibition of social behavior in chimpanzees under high-density conditions},
	Volume = {41},
	Year = {1997},
	Bdsk-Url-1 = {https://doi.org/10.1002/(SICI)1098-2345(1997)41:3%3C213::AID-AJP4%3E3.0.CO;2-%23}}

@book{Cavalli-Sforza1981,
	Address = {Princeton, New Jersey},
	Author = {Cavalli-Sforza, Luigi Luca and Feldman, Marcus W.},
	Isbn = {0-691-08280-4},
	Link = {http://books.google.ch/books?id=pBGvyNXkWYcC{\&}hl=en http://www.amazon.com/Fitness-Landscapes-Species-Monographs-Population/dp/069111983X},
	Publisher = {Princeton University Press},
	Title = {Cultural Transmission and Evolution: A Quantitative Approach},
	Year = {1981}}

@article{Creanza2017,
	Author = {Creanza, Nicole and Kolodny, Oren and Feldman, Marcus W.},
	Doi = {10.1073/pnas.1620732114},
	Issn = {0027-8424},
	Journal = {Proceedings of the National Academy of Sciences},
	Link = {http://www.pnas.org/lookup/doi/10.1073/pnas.1620732114},
	Month = {jul},
	Number = {30},
	Pages = {7782--7789},
	Title = {Cultural evolutionary theory: How culture evolves and why it matters},
	Volume = {114},
	Year = {2017},
	Bdsk-Url-1 = {https://doi.org/10.1073/pnas.1620732114}}

@article{Farine2015,
	Author = {Farine, Damien R. and Spencer, Karen A. and Boogert, Neeltje J.},
	Doi = {10.1016/j.cub.2015.06.071},
	Isbn = {1879-0445 0960-9822},
	Issn = {09609822},
	Journal = {Current Biology},
	Link = {http://dx.doi.org/10.1016/j.cub.2015.06.071},
	Number = {16},
	Pages = {2184--2188},
	Pmid = {26212879},
	Publisher = {The Authors},
	Title = {Early-life stress triggers juvenile zebra finches to switch social learning strategies},
	Volume = {25},
	Year = {2015},
	Bdsk-Url-1 = {https://doi.org/10.1016/j.cub.2015.06.071}}

@article{Feldman1996,
	Author = {Feldman, Marcus W. and Aoki, Kenichi and Kumm, Jochen},
	Doi = {10.1537/ase.104.209},
	Issn = {1348-8570},
	Journal = {Anthropological Science},
	Link = {http://joi.jlc.jst.go.jp/JST.Journalarchive/ase1993/104.209?from=CrossRef},
	Number = {3},
	Pages = {209--231},
	Title = {Individual Versus Social Learning: Evolutionary Analysis in a Fluctuating Environment.},
	Volume = {104},
	Year = {1996},
	Bdsk-Url-1 = {https://doi.org/10.1537/ase.104.209}}

@article{Fischer2015,
	Author = {Fischer, Stefan and Bessert-Nettelbeck, Mathilde and Kotrschal, Alexander and Taborsky, Barbara},
	Doi = {10.1086/681636},
	Issn = {0003-0147},
	Journal = {The American Naturalist},
	Link = {http://www.journals.uchicago.edu/doi/10.1086/681636},
	Number = {1},
	Pages = {123--140},
	Pmid = {26098344},
	Title = {Rearing-Group Size Determines Social Competence and Brain Structure in a Cooperatively Breeding Cichlid},
	Volume = {186},
	Year = {2015},
	Bdsk-Url-1 = {https://doi.org/10.1086/681636}}

@article{Fogarty2017,
	Author = {Fogarty, Laurel and Wakano, Joe Yuichiro and Feldman, Marcus W. and Aoki, Kenichi},
	Doi = {10.1007/s12110-016-9275-6},
	Issn = {10456767},
	Journal = {Human Nature},
	Number = {1},
	Pages = {39--52},
	Pmid = {27783325},
	Publisher = {Human Nature},
	Title = {The Driving Forces of Cultural Complexity: Neanderthals, Modern Humans, and the Question of Population Size},
	Volume = {28},
	Year = {2017},
	Bdsk-Url-1 = {https://doi.org/10.1007/s12110-016-9275-6}}

@article{Foucaud2013,
	Author = {Foucaud, Julien and Philippe, A.-S. and Moreno, Celine and Mery, Frederic},
	Doi = {10.1098/rspb.2013.0588},
	Issn = {0962-8452},
	Journal = {Proceedings of the Royal Society B: Biological Sciences},
	Link = {http://rspb.royalsocietypublishing.org/cgi/doi/10.1098/rspb.2013.0588},
	Month = {apr},
	Number = {1760},
	Pages = {20130588--20130588},
	Title = {A genetic polymorphism affecting reliance on personal versus public information in a spatial learning task in Drosophila melanogaster},
	Volume = {280},
	Year = {2013},
	Bdsk-Url-1 = {https://doi.org/10.1098/rspb.2013.0588}}

@misc{Grafen1984,
	Author = {Grafen, Alan},
	Booktitle = {Behavioural Ecology: an Evolutionary Approach},
	Doi = {papers2://publication/uuid/3E0E8E8B-B12A-46D2-AEA0-2062D25A790C},
	Isbn = {0878931325$\backslash$r0878931333 (pbk.)},
	Link = {http://xbiblio.ecologia.edu.mx/biblioteca/Cursos/Ecologia/Grafen{\_}Alan.PDF},
	Pages = {62--84},
	Pmid = {2824148},
	Title = {Natural selection, kin selection and group selection},
	Year = {1984},
	Bdsk-Url-1 = {papers2://publication/uuid/3E0E8E8B-B12A-46D2-AEA0-2062D25A790C}}

@article{Karlin1982,
	Author = {Karlin, Samuel},
	Issn = {0071-3260},
	Journal = {Evolutionary Biology},
	Number = {1953},
	Pages = {61--204},
	Title = {Classifications of selection migration structures and conditions for a protected polymorphism},
	Volume = {14},
	Year = {1982}}

@article{Leris2016,
	Author = {Leris, Ioannis and Reader, Simon M.},
	Doi = {10.1016/j.anbehav.2016.07.012},
	Isbn = {0003-3472},
	Issn = {00033472},
	Journal = {Animal Behaviour},
	Link = {http://dx.doi.org/10.1016/j.anbehav.2016.07.012},
	Pages = {11--19},
	Publisher = {Elsevier Ltd},
	Title = {Age and early social environment influence guppy social learning propensities},
	Volume = {120},
	Year = {2016},
	Bdsk-Url-1 = {https://doi.org/10.1016/j.anbehav.2016.07.012}}

@article{McElreath2008,
	Author = {McElreath, Richard and Strimling, Pontus},
	Doi = {10.1086/524364},
	Isbn = {0011-3204},
	Issn = {0011-3204},
	Journal = {Current Anthropology},
	Link = {http://www.journals.uchicago.edu/doi/10.1086/524364},
	Number = {2},
	Pages = {307--316},
	Title = {When Natural Selection Favors Imitation of Parents},
	Volume = {49},
	Year = {2008},
	Bdsk-Url-1 = {https://doi.org/10.1086/524364}}

@article{Mesoudi2016,
	Author = {Mesoudi, Alex and Chang, Lei and Dall, Sasha R.X. and Thornton, Alex},
	Doi = {10.1016/j.tree.2015.12.012},
	Isbn = {1111111111},
	Issn = {01695347},
	Journal = {Trends in Ecology and Evolution},
	Link = {http://dx.doi.org/10.1016/j.tree.2015.12.012},
	Number = {3},
	Pages = {215--225},
	Pmid = {26775795},
	Publisher = {Elsevier Ltd},
	Title = {The Evolution of Individual and Cultural Variation in Social Learning},
	Volume = {31},
	Year = {2016},
	Bdsk-Url-1 = {https://doi.org/10.1016/j.tree.2015.12.012}}

@article{Phithakkitnukoon2012,
	Author = {Phithakkitnukoon, Santi and Leong, Tuck W and Smoreda, Zbigniew and Olivier, Patrick},
	Doi = {10.1371/journal.pone.0045745},
	Journal = {PloS one},
	Number = {10},
	Pages = {1--13},
	Title = {Weather Effects on Mobile Social Interactions: A Case Study of Mobile Phone Users in Lisbon, Portugal},
	Volume = {7},
	Year = {2012},
	Bdsk-Url-1 = {https://doi.org/10.1371/journal.pone.0045745}}

@article{Prout1968,
	Author = {Prout, Timothy},
	Doi = {10.1086/282562},
	Issn = {0003-0147},
	Journal = {The American Naturalist},
	Link = {http://www.journals.uchicago.edu/doi/10.1086/282562},
	Month = {nov},
	Number = {928},
	Pages = {493--496},
	Title = {Sufficient Conditions for Multiple Niche Polymorphism},
	Volume = {102},
	Year = {1968},
	Bdsk-Url-1 = {https://doi.org/10.1086/282562}}

@article{Ram2018,
	Author = {Ram, Yoav and Liberman, Uri and Feldman, Marcus W.},
	Doi = {10.1073/pnas.1719171115},
	Journal = {Proceedings of the National Academy of Sciences},
	Link = {https://www.biorxiv.org/content/early/2017/12/04/229179 http://www.pnas.org/lookup/doi/10.1073/pnas.1719171115},
	Pages = {201719171},
	Title = {Evolution of vertical and oblique transmission under fluctuating selection},
	Year = {2018},
	Bdsk-Url-1 = {https://doi.org/10.1073/pnas.1719171115}}

@article{VanDeWaal2013,
	Author = {van de Waal, E. and Borgeaud, Christ{\`{e}}le and Whiten, Andrew},
	Doi = {10.1126/science.1232769},
	Issn = {0036-8075},
	Journal = {Science},
	Link = {http://www.sciencemag.org/cgi/doi/10.1126/science.1232769},
	Month = {apr},
	Number = {6131},
	Pages = {483--485},
	Pmid = {23620053},
	Title = {Potent Social Learning and Conformity Shape a Wild Primate's Foraging Decisions},
	Volume = {340},
	Year = {2013},
	Bdsk-Url-1 = {https://doi.org/10.1126/science.1232769}}

@article{VanSchaik2003,
	Author = {van Schaik, C P},
	Doi = {10.1126/science.1078004},
	Isbn = {0002-9483},
	Issn = {00368075},
	Journal = {Science},
	Link = {http://www.sciencemag.org/cgi/doi/10.1126/science.1078004},
	Month = {jan},
	Number = {5603},
	Pages = {102--105},
	Pmid = {12511649},
	Title = {Orangutan Cultures and the Evolution of Material Culture},
	Volume = {299},
	Year = {2003},
	Bdsk-Url-1 = {https://doi.org/10.1126/science.1078004}}

@article{Wakano2004,
	Author = {Wakano, Joe Yuichiro and Aoki, Kenichi and Feldman, Marcus W.},
	Doi = {10.1016/j.tpb.2004.06.005},
	Isbn = {0040-5809},
	Issn = {00405809},
	Journal = {Theoretical Population Biology},
	Number = {3},
	Pages = {249--258},
	Pmid = {15465125},
	Title = {Evolution of social learning: A mathematical analysis},
	Volume = {66},
	Year = {2004},
	Bdsk-Url-1 = {https://doi.org/10.1016/j.tpb.2004.06.005}}

@article{Webster2008,
	Author = {Webster, M.M and Laland, Kevin N.},
	Doi = {10.1098/rspb.2008.0817},
	Isbn = {0962-8452},
	Issn = {0962-8452},
	Journal = {Proceedings of the Royal Society B: Biological Sciences},
	Link = {http://rspb.royalsocietypublishing.org/cgi/doi/10.1098/rspb.2008.0817},
	Number = {1653},
	Pages = {2869--2876},
	Pmid = {18755676},
	Title = {Social learning strategies and predation risk: minnows copy only when using private information would be costly},
	Volume = {275},
	Year = {2008},
	Bdsk-Url-1 = {https://doi.org/10.1098/rspb.2008.0817}}
